@online{wiki1,
title = {Kraft-Ungleichung},
year = {11.06.2018},
url = {https://de.wikipedia.org/wiki/Kraft-Ungleichung},
}
@book{2012Itdc,
publisher = {Elsevier},
isbn = {0124157963},
year = {2012},
title = {Introduction to data compression / Khalid Sayood},
edition = {4. ed.},
language = {eng},
address = {Amsterdam [u.a.]},
keywords = {Datenkompression ; Codierungstheorie ; Algorithmus},
organization = {Informationstheorie und Kodierungstheorie},
url = {http://digitale-objekte.hbz-nrw.de/storage/2013/01/30/file_3/4933825.pdf},
}
@online{wiki2,
title = {Pr{\"a}fixcode},
year = {11.06.2018},
url = {https://de.wikipedia.org/wiki/Pr%C3%A4fixcode},
}