@Article{paper:1,
author = {Claude Shannon},
title = {A Universal Turing Machine with Two Internal States},
journal = {Automata Studies},
year = {1956},
pages = {157â€“165},
}
